1824 3057
123 119 162 160 xl
403 119 751 160 COLLATION
785 120 862 161 OF
892 120 1013 162 THE
1044 120 1334 162 EDITIONS
1369 121 1445 162 OF

785 397 966 430 SATIRA
991 396 1056 430 VI.

181 498 267 521 IANE
507 501 715 524 MACLEANE.
1294 500 1404 521 JAHN.

229 543 273 572 34
316 543 411 583 pusio
1038 544 1138 585 pugio

229 585 271 616 35
360 610 380 622 υ
1082 611 1100 624 ν

239 651 259 664 ,,
317 640 335 659 a
351 632 384 660 te
1036 640 1074 660 ex
1091 634 1124 661 te

229 672 271 701 4-6
315 673 454 703 mediani
1036 674 1171 703 nimiam

227 715 270 744 65
315 716 483 755 amplexu3
500 716 644 747 subitum
661 718 694 747 et
709 717 891 747 miserabile
1034 716 1187 756 amplexu
1203 716 1312 746 subito
1328 717 1362 746 et
1375 716 1569 752 miserabile,

228 757 271 788 70
314 758 392 788 Acci
1034 769 1114 789 acue

207 800 270 830 120
316 801 379 831 Sed
1036 801 1080 831 Et

206 843 268 872 123
314 844 472 874 Constitit
1036 844 1193 874 Prostitit

205 884 268 916 137
313 886 493 926 quingenta
1033 886 1200 926 quingena

205 928 267 957 138
313 929 448 959 Veneris
464 929 629 969 pharetris
1033 929 1197 969 pharetris
1214 929 1350 960 Veneris

203 971 266 1000 152
310 974 344 1002 et
1033 972 1091 1002 sed

202 1013 266 1043 166
310 1015 395 1045 ferat
1032 1015 1118 1046 feret

203 1055 266 1088 172
310 1057 434 1098 depone
1032 1058 1094 1088 dea
1110 1069 1193 1098 pone

202 1099 265 1138 271
311 1101 393 1131 Tum
1034 1101 1118 1131 Cum

201 1142 266 1174 276
311 1154 448 1174 curruca
1034 1144 1065 1174 U
1067 1155 1144 1175 ruca

201 1185 266 1217 277
311 1198 390 1227 quas
1032 1190 1114 1228 quot

201 1228 265 1259 285
311 1240 329 1260 a
345 1229 481 1260 crimine
1032 1241 1050 1261 e
1066 1231 1201 1261 crimine

201 1272 265 1302 295
311 1273 390 1303 istos
1033 1274 1135 1304 Indos

166 1313 267 1346 307-8
1033 1316 1075 1346 In
1091 1317 1187 1348 order
1203 1318 1278 1353 308,
1296 1317 1360 1350 307

202 1358 266 1388 316
312 1359 466 1398 Priapum
1033 1360 1146 1401 Priapi

200 1401 263 1430 321
309 1404 343 1432 et
1031 1413 1070 1433 ac

200 1444 265 1473 328
310 1445 344 1476 It
359 1447 432 1476 toto
446 1445 568 1485 pariter
1031 1447 1080 1476 Ac
1095 1446 1220 1486 pariter
1235 1449 1308 1478 toto

199 1486 264 1518 357
1031 1489 1131 1520 omits
1142 1492 1191 1520 est

200 1530 264 1560 363
308 1533 343 1561 at
1030 1542 1069 1562 ac

199 1573 263 1603 383
307 1584 438 1613 operam
1030 1585 1145 1615 operas

199 1615 263 1646 385
307 1617 366 1647 alti
1031 1618 1117 1658 Appi

198 1658 262 1689 386
306 1659 389 1690 Cum
1032 1661 1077 1692 Et

197 1702 261 1732 395
304 1704 344 1733 ut
1030 1704 1118 1744 quod

197 1745 262 1775 399
305 1756 402 1786 quam
1030 1757 1112 1787 quae

197 1789 260 1818 401
305 1789 491 1830 strictisque
1029 1790 1186 1831 siccisque

196 1832 261 1862 439
302 1832 457 1872 loquatur
1029 1833 1183 1874 loquetur

196 1875 260 1904 441
303 1877 355 1905 tot
369 1875 593 1907 tintinnabula
1028 1887 1067 1907 ac
1083 1877 1307 1908 tintinnabula

197 1918 261 1948 449
303 1920 435 1949 curtum
1030 1930 1168 1950 curvum

161 1960 263 1990 461-ss
1031 1962 1072 1993 In
1087 1963 1256 2004 following
1269 1963 1364 1994 order
1379 1964 1491 2000 464-6,
1507 1965 1609 1996 4613

197 2003 262 2033 464
303 2002 412 2032 veniet
427 2002 496 2033 lota
1028 2006 1098 2036 lota
1113 2006 1252 2037 veniunt.

196 2046 261 2076 509
303 2045 421 2075 marito
1028 2049 1143 2080 mariti

197 2089 261 2119 585
304 2088 432 2119 dabunt
1029 2092 1122 2123 dabit

217 2155 237 2168 ,‚
305 2131 408 2161 Indus
1028 2135 1104 2166 inde

196 2175 260 2205 603
304 2176 402 2214 atque
1028 2188 1121 2218 saepe

196 2218 261 2248 609
304 2216 412 2247 ridens
1027 2231 1154 2261 semper

195 2261 259 2291 611
303 2260 434 2290 valeant
1028 2265 1138 2295 valeat

196 2304 261 2334 640
302 2303 429 2334 facinus
444 2305 555 2333 tamen
1028 2307 1175 2338 facinus:
1192 2309 1304 2338 tamen

195 2347 259 2377 61¹3
303 2356 398 2377 saeva
1028 2353 1122 2381 torva

763 2510 945 2546 SATIRA
970 2511 1058 2546 VII.

217 2635 260 2663 23
305 2645 436 2667 croceae
453 2660 461 2667 .
486 2660 494 2668 .
519 2661 527 2669 .
550 2639 692 2671 tabellae
1027 2599 1141 2673 &melea
1158 2665 1165 2673 .
1183 2665 1190 2673 .
1208 2665 1216 2673 .
1238 2642 1360 2674 tabella

219 2677 261 2707 36
304 2678 423 2718 Accipe
440 2690 526 2711 nunc
542 2685 629 2713 artes
645 2693 685 2713 ne
1026 2686 1147 2726 Accipe
1162 2696 1250 2716 nunc
1266 2689 1365 2717 artes.
1425 2687 1477 2718 Ne

182 2718 261 2750 37²8
306 2721 433 2752 relicta.
480 2723 555 2764 Ipse
1026 2729 1152 2764 relicta,
1168 2729 1237 2769 ipse

219 2763 260 2792 45
305 2767 457 2795 constent
1027 2773 1182 2802 coustant

218 2806 261 2835 48
305 2807 462 2847 tenuique
1027 2814 1198 2855 tenuisque

218 2848 260 2877 50
304 2849 465 2880 ambitiosi
1028 2858 1236 2889 ambitiosum
