1824 3057
193 1685 279 1707 IANE

243 1772 284 1802 52

243 1815 284 1844 61

244 1857 286 1887 62

245 1900 288 1932 74

246 1943 287 1973 86

190 1987 289 2016 1445

226 2030 289 2059 148

227 2073 289 2102 156

227 2116 289 2146 159

247 2447 287 2476 31

247 2490 289 2519 38

245 2533 287 2561 43

246 2575 287 2604 81

246 2618 288 2647 83

246 2661 288 2690 98

226 2702 289 2733 107

227 2746 290 2774 138

227 2787 290 2817 146

228 2831 291 2860 150

193 2874 292 2904 158-9

657 804 1217 862 COLLATION

916 963 937 984 O
942 963 960 984 F

699 1090 803 1124 THE
830 1087 1072 1124 EDITIONS
1099 1088 1162 1122 OF

413 1236 890 1286 MACLEANE
962 1235 1132 1282 AND
1204 1231 1445 1280 JAHN.

816 1583 997 1618 SATIRA
1023 1582 1052 1616 I.

534 1681 742 1704 MACLEANE.

330 1726 426 1757 Codri

331 1770 393 1800 Sed
409 1769 488 1810 quid
504 1768 608 1808 magis
626 1767 801 1798 Heracleas

332 1812 526 1843 Flaminiam
543 1822 624 1852 puer
638 1811 651 1841 P
698 1810 907 1842 Automedon

333 1856 406 1896 Ipse
432 1879 439 1885 .
464 1879 471 1885 .
497 1878 504 1886 .
528 1855 651 1885 amicae

332 1899 448 1939 aliquis
462 1911 468 1928 :

332 1942 434 1973 nostri
450 1943 500 1972 est
515 1942 646 1980 farrago
662 1940 774 1971 libelli.

334 1987 493 2015 senectus.
541 1984 572 2014 lt
588 1995 672 2014 nova

334 2028 468 2068 cupient
484 2027 671 2068 facientque

334 2074 473 2111 gutture

334 2114 492 2154 despiciat

1331 1677 1438 1699 JAHN.

1057 1721 1154 1752 Cordi

1058 1765 1122 1796 Sed
1137 1764 1215 1805 quid
1231 1764 1337 1805 magis
1350 1764 1364 1794 P
1412 1763 1590 1794 Heracleas

1058 1808 1264 1844 Flaminiam,
1280 1817 1360 1847 puer
1375 1806 1584 1838 Automedon

1055 1852 1130 1892 Ipse
1154 1874 1160 1881 .
1187 1875 1194 1882 .
1220 1875 1227 1882 .
1251 1851 1375 1881 amicae
1389 1850 1403 1881 ?

1055 1895 1179 1935 aliquid

1056 1938 1162 1968 nostri
1180 1937 1312 1977 farrago
1327 1936 1430 1967 libelli
1447 1937 1507 1966 est.

1056 1983 1215 2016 senectus,
1232 1983 1266 2011 eb
1282 1990 1366 2010 nova

1055 2024 1178 2054 facient
1193 2023 1391 2064 cupientque

1057 2070 1191 2107 pectore

1057 2110 1213 2150 despiciet

808 2294 989 2329 SATIRA
1016 2293 1068 2327 ΙΙ.

332 2401 477 2433 invenies

332 2445 410 2485 ipsis

333 2489 384 2518 Ad
396 2498 491 2528 quem

333 2531 420 2571 leges
436 2541 472 2561 ac
483 2531 570 2571 jura,
587 2529 682 2560 citari

333 2576 488 2604 contacta

333 2616 423 2647 venit

334 2701 367 2731 in
382 2701 464 2731 facie

334 2746 500 2783 nequeunt

335 2786 460 2816 Catulis

338 2829 380 2859 Et
397 2832 529 2859 contum

337 2872 456 2902 laurus.
504 2872 586 2902 Illuc
602 2872 666 2903 heu

1055 2397 1202 2428 invenias

1055 2440 1117 2481 ipsi

1056 2486 1155 2523 atque
1170 2483 1219 2513 ita

1056 2527 1153 2566 leges,
1170 2528 1206 2556 ab
1216 2525 1292 2566 jure
1309 2524 1404 2555 citari

1055 2571 1229 2609 conspecta

1055 2612 1121 2643 fuit

1056 2655 1141 2685 after
1156 2654 1224 2684 this
1240 2653 1304 2684 line
1320 2664 1339 2683 a
1354 2653 1471 2683 lacuna

1057 2698 1093 2728 in
1108 2697 1224 2728 faciem

1057 2742 1222 2781 nequeant
1256 2760 1265 2769 .

1057 2783 1166 2814 Catuli

1056 2826 1217 2867 Cocytum

1055 2870 1168 2901 laurus
1185 2869 1268 2900 Illic.
1315 2868 1389 2899 Heu
