1788 3068
119 396 206 421 mxu

116 441 217 473 12·20

176 526 217 556 18

175 568 217 600 37

136 655 218 687 77·8

175 698 219 730 79

177 741 222 772 94

159 784 223 815 104

124 826 224 858 105·ss

158 870 223 901 109

159 913 224 943 134

161 955 225 986 168

161 997 223 1030 177

160 1041 224 1073 195

160 1127 226 1157 210

161 1170 227 1201 218

162 1213 227 1244 232

164 1299 229 1329 252

164 1341 230 1372 305

165 1384 230 1416 307

166 1427 232 1459 318

172 1660 232 1691 3-4

193 1788 238 1818 24

194 1830 237 1862 25

195 1916 238 1948 67

175 1960 240 1990 120

175 2003 240 2033 148

177 2046 241 2077 149

203 2270 246 2300 10

202 2313 246 2343 42

203 2355 246 2386 51

202 2398 247 2430 63

203 2441 247 2473 83

205 2528 247 2559 91

186 2613 250 2644 121

186 2656 252 2687 128

188 2700 253 2730 134

189 2741 254 2773 135

190 2785 256 2816 140

191 2828 255 2859 142

192 2870 256 2902 145

264 129 605 175 COLLATION
642 129 718 169 OF
751 123 1088 167 MACLEANE
1121 122 1248 162 ANl)
1282 120 1459 160 JAllN.

1528 117 1654 158 xxxix

723 296 903 332 SATIRA
931 295 1003 329 111.

463 389 666 413 MACLEANE.
1247 380 1356 401 uus.

987 426 1026 456 lu
1052 423 1220 463 following
1245 421 1440 456 order—17,
1459 421 1580 456 18,19,
1607 420 1660 453 20,

1030 469 1084 506 12,
1101 468 1154 502 13,
1174 467 1224 501 14,
1244 466 1296 500 15.
1316 466 1356 495 16

261 521 480 564 praestantius
985 509 1188 552 praesentius

261 566 342 597 libet
979 554 1076 595 jubet

261 608 375 640 norint
985 599 1110 628 norunt

261 651 371 683 omnia
386 649 490 680 novit.
535 645 716 678 Graeculus
985 640 1094 670 omniu
1109 638 1201 669 novit
1217 635 1396 668 Graeculus

262 694 315 726 Ad
330 702 489 725 summum
990 683 1028 713 In
1046 692 1173 712 summa

264 737 356 769 nullo
989 725 1088 767 pullo,

266 824 407 860 vultum,
423 823 451 852 A
467 820 684 860 fuciejucturt·
990 812 1119 842 vultum
1137 812 1165 840 A
1182 809 1274 845 facie,
1285 808 1412 849 jactui-o

267 870 302 899 et
992 866 1051 886 nee

267 913 367 951 atque
992 901 1051 929 aut

268 952 405 993 negavit
993 940 1128 981 negabis

269 995 475 1034 similemque
992 983 1176 1023 similesque

268 1038 406 1070 villicus
417 1040 451 1068 et
464 1035 583 1066 veteris
600 1033 701 1063 rimae
717 1030 862 1062 contexit
877 1028 945 1059 hia·
996 1027 1121 1057 Vilicus
1145 1028 1188 1060 et,
1215 1022 1333 1054 veteris
1358 1022 1458 1052 rimae
1489 1028 1563 1050 cum
1589 1016 1673 1048 texit

311 1084 395 1116 tuin,
1033 1070 1173 1103 hiatum,

268 1126 453 1156 Aerumnae
468 1120 619 1153 cumulus
991 1114 1176 1143 Aerumnae
1189 1112 1239 1141 est
1255 1107 1405 1140 cumulus

272 1167 363 1198 Haec
994 1155 1060 1186 Hic

271 1210 365 1241 illum
995 1199 1103 1239 ipsum

273 1253 420 1284 Liburno
996 1241 1128 1272 liburna

273 1298 354 1337 quot
998 1294 1079 1325 quas

274 1349 355 1374 rem,
1000 1336 1079 1358 rem.

274 1382 392 1423 pinus:
999 1370 1107 1411 pinus,

276 1424 405 1456 Innnit.
1002 1411 1140 1443 Annuit.

753 1550 935 1586 SATIRA
962 1547 1026 1582 IV.

277 1666 374 1697 aeger
413 1654 544 1694 solaque
574 1650 709 1682 libidine
739 1647 854 1679 fortis:
889 1645 954 1676 De·

322 1699 413 1730 licias
428 1697 545 1728 viduae
560 1698 692 1726 tantum
708 1692 904 1732 aspernatur

279 1743 404 1773 vittata

1000 1652 1118 1683 aegrae
1148 1641 1279 1681 solaque
1318 1637 1452 1668 libidine
1481 1635 1584 1665 fortes
1620 1631 1681 1662 Dc-

1047 1686 1148 1721 liciae,
1166 1683 1280 1714 viduas
1296 1683 1428 1712 tantum
1443 1682 1618 1719 spernatur

1002 1729 1124 1759 vitiata

279 1794 412 1826 papyro.
1003 1781 1140 1813 papyro,

280 1827 425 1869 pretium
441 1833 604 1866 squamae.
1006 1814 1112 1855 pretio
1128 1821 1310 1853 squamam.

281 1869 445 1911 torpentis
1007 1856 1167 1889 torrentis

283 1913 408 1955 saginis
1008 1900 1141 1941 saginae

283 1957 412 1988 laevum
1008 1944 1135 1974 laevam

283 2003 443 2041 tanquam
458 1995 596 2028 diversis
1008 1990 1168 2026 tanquam
1184 1986 1217 2015 et
1233 1981 1370 2014 diversis

285 2052 393 2084 penna
1009 2030 1112 2071 pinna

765 2167 946 2203 SATIRA
971 2164 1016 2199 V.

289 2266 391 2308 possis
406 2275 480 2297 euru

289 2310 356 2341 illic

290 2398 425 2428 vocatus

292 2440 402 2478 Quum

290 2483 433 2518 lavatur,

293 2525 389 2563 Quod
405 2547 413 2555 .
431 2546 439 2554 .
457 2547 465 2554 .
481 2522 578 2553 Afros

293 2568 424 2610 patitur

295 2613 424 2653 spectas

294 2654 461 2693 sumitque

296 2697 347 2728 Ex
362 2695 465 2727 nihilo
480 2694 585 2728 fieres,
600 2691 746 2732 quantus

297 2740 370 2772 istis

300 2824 398 2857 simul

301 2868 353 2900 Ad
369 2876 513 2899 mensam

1015 2263 1090 2284 cum
1105 2250 1207 2293 possit

1015 2296 1063 2327 illi

1017 2339 1113 2380 [Non
1130 2360 1138 2368 .
1155 2360 1163 2368 .
1177 2360 1185 2368 .
1201 2331 1390 2377 querebar,]

1016 2383 1153 2422 rogatus

1018 2425 1108 2456 Dum

1016 2469 1156 2499 lavatur.

1020 2509 1134 2552 [Quod
1151 2531 1158 2538 .
1176 2531 1183 2538 .
1202 2530 1209 2537 .
1226 2503 1326 2544 atris]

1019 2553 1165 2594 patimur

1019 2597 1145 2636 spectes

1021 2637 1166 2668 sumitve

1024 2680 1072 2711 Ex
1088 2677 1200 2713 nihilo,
1217 2675 1362 2716 quantus
1377 2672 1470 2702 fieres

1023 2722 1101 2763 ipsis

1030 2807 1130 2839 semel

1035 2853 1082 2882 Ac
1097 2858 1254 2882 mensam,
