1788 3068
481 108 818 150 MACLEANE
851 111 979 151 AND
1013 110 1191 150 JAIlN.
1581 110 1638 152 xli

111 239 198 263 uns
448 238 651 261 MACLSANB.
1214 238 1323 261 Jaux.

154 283 195 313 ⁵1
967 281 982 322 [
1030 281 1044 322 ]

154 326 197 356 58
240 327 401 365 aptusque
965 325 1143 364 avidusque

152 368 198 399 60
241 367 433 408 thyrsumvc
965 367 1180 408 thymumque

165 433 184 446 „
242 414 367 442 moesta
968 420 1045 440 sunu

152 453 196 484 63
241 453 323 491 Quis
965 453 1029 490 Qui

152 496 195 528 87
241 495 362 527 vendat
965 495 1077 526 vendit

153 540 197 570 88
239 539 380 580 largitur
964 538 1106 578 largitus

133 583 198 613 100
240 582 391 622 Namque
406 581 509 612 oblita
526 582 614 612 modi
967 581 1067 611 Nullo
1083 581 1201 621 quippe
1218 581 1313 611 inodo

134 625 195 656 101
240 625 344 656 inulta
359 624 476 656 crescit
964 625 1080 655 crescit
1097 624 1200 654 inulta

132 669 197 699 120
239 668 394 698 Afrorum
965 667 1155 698 Maurorum

132 711 195 742 121
240 711 349 752 egisti.
397 710 432 741 Si
959 710 1066 751 egisti,
1083 710 1110 740 si

133 754 197 785 124
240 753 321 784 libet
963 753 1040 784 licet

133 797 197 828 149
240 796 406 837 imponere
962 806 1080 837 ponere

133 840 196 871 156
239 840 365 870 diversa
382 844 475 880 parte
962 839 1107 870 diversae
1123 838 1208 869 forte

134 883 197 914 159
239 882 330 914 laeva
346 883 380 913 in
396 888 491 923 parte
963 882 1052 913 laeva
1070 885 1162 922 parte

132 926 197 956 160
240 925 380 956 Arcadio
963 925 1121 956 Arcadico

132 969 196 1000 165
240 969 349 1008 accipe
361 967 448 1009 quod
463 968 507 998 do
963 968 1082 1007 accipe,
1098 967 1177 1008 quid
1192 967 1245 1003 do,

132 1011 196 1044 177
241 1011 392 1042 scindens
963 1010 1090 1042 scindes

132 1054 195 1085 185
240 1053 359 1084 condat
965 1053 1096 1084 condiat

131 1098 195 1128 201
240 1096 427 1136 triumphos
965 1095 1112 1135 triumph
1119 1106 1173 1126 um

131 1141 196 1171 212
239 1139 391 1180 magistri
404 1139 420 1170 Ρ
965 1138 1126 1178 magistri.

131 1184 197 1214 214
239 1183 295 1223 qui
965 1192 1061 1222 quem

131 1227 196 1257 235
239 1235 341 1256 annos
965 1224 1058 1254 annis

131 1270 195 1300 242
239 1279 333 1300 curm
347 1270 383 1300 et
966 1277 1063 1304 cura3
1087 1267 1142 1297 sed

681 1454 867 1488 SATIRA
891 1453 1003 1487 VIII.

175 1567 196 1596 2
238 1566 407 1607 pictosque
963 1566 1067 1607 pictos

174 1610 197 1684 ξ
239 1609 442 1651 humeroque
964 1619 1157 1649 umerosque

153 1695 195 1727 27
242 1695 383 1732 Silanus,
399 1706 594 1736 quocunque
877 1712 884 1722 ·
965 1652 1105 1725 Siluinus.
1151 1694 1351 1733 Quocunque

116 1739 195 1769 28-9
239 1739 362 1769 ovanti.
406 1738 596 1770 Exclamare
963 1737 1086 1776 ovanti,
1102 1737 1290 1767 Exclamare

153 1782 196 1812 33
239 1791 375 1822 pravam
962 1790 1096 1821 parvam

153 1825 196 1855 38
241 1824 284 1854 sis
961 1824 1006 1854 sic

152 1868 197 1898 40
241 1867 360 1898 Plaute
966 1866 1092 1896 Blande

153 1909 197 1941 68
239 1910 384 1950 primum
963 1910 1094 1950 privum

152 1953 198 1984 90
239 1963 355 1994 regum
963 1962 1074 1983 rerum

116 1995 195 2027 95-6
964 1995 1069 2025 Ortler
1084 1994 1137 2030 96,
1153 1995 1195 2026 95

153 2038 196 2070 95
240 2038 374 2079 reliquit
385 2038 400 2069 Ρ
965 2037 1130 2078 relinquit,

133 2082 196 2113 105
241 2081 325 2112 Inde
341 2081 510 2113 Dolabella
525 2084 576 2113 est
590 2085 689 2122 atque
965 2081 1048 2111 Inde
1064 2079 1250 2111 Dolabellae
1266 2083 1366 2120 atque

133 2125 198 2156 109
240 2124 401 2165 eripietur
965 2124 1125 2164 eripiatur

73 2167 196 2198 111-12
967 2166 983 2208 [
1027 2166 1042 2208 ]

133 2211 197 2242 123
241 2210 405 2252 relinques
963 2209 1137 2250 relinques.

133 2254 199 2285 124
966 2251 981 2294 [
1027 2252 1042 2293 ]

154 2319 176 2332 ,‚
236 2295 348 2337 jacula
960 2295 1108 2337 jaculum

133 2339 197 2370 125
242 2339 424 2370 sententia:
448 2349 561 2371 verum
965 2338 1142 2374 sententia,
1157 2347 1272 2368 verum
1288 2338 1339 2367 est

133 2383 195 2413 131
242 2381 335 2412 'runc
350 2381 430 2413 licet
966 2382 1017 2412 Tu
1031 2381 1108 2412 licet

133 2425 197 2456 155
241 2429 436 2466 torvumque
965 2425 1146 2464 robumque

133 2468 198 2500 169
240 2467 335 2504 bello,
351 2468 526 2499 Armeniae
963 2467 1048 2498 bello
1063 2465 1236 2497 Armeniae
1251 2463 1435 2506 Syriaeque,

133 2511 197 2542 195
242 2520 325 2551 pone
964 2510 1041 2550 poni

134 2555 198 2585 199
242 2553 323 2584 illud
966 2553 1033 2583 illie

133 2597 199 2628 204
241 2596 361 2627 librata
965 2595 1094 2625 vibrata

134 2640 198 2670 222
243 2638 347 2670 Galba
361 2639 376 2670 ‘r‘
422 2639 510 2677 Quid
967 2637 1080 2672 Galba,
1097 2635 1193 2672 Quod

134 2683 199 2714 229
242 2684 282 2713 tu
965 2690 1021 2710 seu

135 2726 199 2756 233
242 2725 382 2765 parastis
966 2722 1090 2763 pau-atis

135 2769 200 2800 239
243 2771 343 2808 gente
968 2768 1078 2796 monte

136 2812 199 2842 241
244 2814 279 2842 et
294 2811 396 2847 tituli,
412 2813 574 2852 quantum
591 2821 656 2842 non
966 2818 1003 2838 ac
1018 2807 1118 2842 tituli,
1135 2808 1295 2847 quantum
1311 2805 1345 2836 in

137 2853 202 2886 270
245 2853 469 2894 Vulcaniaque
664 2871 667 2873 -
835 2883 850 2896 ·
967 2849 1169 2890 Vulcanique
